@article{rathod2013autonomous,
  title={An autonomous driverless car: an idea to overcome the urban road challenges},
  author={Rathod, Sheetal Ds},
  journal={Journal of Information Engineering and Applications},
  volume={3},
  number={13},
  pages={34--38},
  year={2013}
}


@book{lenz2016autonomous,
  title={Autonomous driving: Technical, legal and social aspects},
  author={Lenz, Barbara},
  year={2016},
  publisher={Springer Open}
}


@article{luettel2012autonomous,
  title={Autonomous ground vehicles—Concepts and a path to the future},
  author={Luettel, Thorsten and Himmelsbach, Michael and Wuensche, Hans-Joachim},
  journal={Proceedings of the IEEE},
  volume={100},
  number={Special Centennial Issue},
  pages={1831--1839},
  year={2012},
  publisher={IEEE}
}


@inproceedings{levinson2011towards,
  title={Towards fully autonomous driving: Systems and algorithms},
  author={Levinson, Jesse and Askeland, Jake and Becker, Jan and Dolson, Jennifer and Held, David and Kammel, Soeren and Kolter, J Zico and Langer, Dirk and Pink, Oliver and Pratt, Vaughan and others},
  booktitle={2011 IEEE intelligent vehicles symposium (IV)},
  pages={163--168},
  year={2011},
  organization={IEEE}
}


@inproceedings{cooper2018range,
  title={Range information characterization of the hokuyo UST-20LX LIDAR sensor},
  author={Cooper, Matthew A and Raquet, John F and Patton, Rick},
  booktitle={Photonics},
  volume={5},
  number={2},
  pages={12},
  year={2018},
  organization={Multidisciplinary Digital Publishing Institute}
}


@article{sae2021surface,
  title={Surface vehicle recommended practice-taxonomy and definitions for terms related to driving automation systems for on-road motor vehicles},
  author={SAE J3016},
  journal={SAE International},
  pages={6--41},
  year={2021}
}


@incollection{michon1985critical,
  title={A critical view of driver behavior models: what do we know, what should we do?},
  author={Michon, John A},
  booktitle={Human behavior and traffic safety},
  pages={485--524},
  year={1985},
  publisher={Springer}
}


@book{eskandarian2012handbook,
  title={Handbook of intelligent vehicles},
  author={Eskandarian, Azim},
  volume={2},
  year={2012},
  publisher={Springer}
}


@book{forsyth2011computer,
  title={Computer vision: A modern approach.},
  author={Forsyth, David and Ponce, Jean},
  year={2011},
  publisher={Prentice hall}
}


@book{gonzalez2009digital,
  title={Digital image processing},
  author={Gonzalez, Rafael C},
  year={2009},
  publisher={Pearson education india}
}


@book{han2011data,
  title={Data mining: concepts and techniques},
  author={Han, Jiawei and Pei, Jian and Kamber, Micheline},
  year={2011},
  publisher={Elsevier}
}


@misc{rosenshakey,
  title={Shakey the Robot},
  author={Rosen, Charles}
}


@article{kuipers2017shakey,
  title={Shakey: from conception to history},
  author={Kuipers, Benjamin and Feigenbaum, Edward A and Hart, Peter E and Nilsson, Nils J},
  journal={Ai Magazine},
  volume={38},
  number={1},
  pages={88--103},
  year={2017}
}


@book{murphy2019introduction,
  title={Introduction to AI robotics},
  author={Murphy, Robin R},
  year={2019},
  publisher={MIT press}
}


@book{braunl2003embedded,
  title={Embedded robotics Mobile Robot Design and Applications with Embedded Systems},
  author={Br{\"a}unl, Thomas},
  year={2006},
  publisher={Springer}
}


@book{wilson2013model,
  title={Model-based engineering for complex electronic systems},
  author={Wilson, Peter and Mantooth, H Alan},
  year={2013},
  publisher={Newnes}
}


@book{choset2005principles,
  title={Principles of robot motion: theory, algorithms, and implementations},
  author={Choset, Howie and Lynch, Kevin M and Hutchinson, Seth and Kantor, George A and Burgard, Wolfram},
  year={2005},
  publisher={MIT press}
}


@article{gonzalez2015review,
  title={A review of motion planning techniques for automated vehicles},
  author={Gonz{\'a}lez, David and P{\'e}rez, Joshu{\'e} and Milan{\'e}s, Vicente and Nashashibi, Fawzi},
  journal={IEEE Transactions on intelligent transportation systems},
  volume={17},
  number={4},
  pages={1135--1145},
  year={2015},
  publisher={IEEE}
}


@article{martinez2003modelado,
  title={MODELADO CINEMATICO Y DINAMICO DE UN ROBOT M{\'O}VIL OMNI-DIRECCIONAL.},
  author={Mart{\'\i}nez, VF Mu{\~n}oz and Gil-G{\'o}mez, G and Cerezo, A Garc{\'\i}a},
  journal={Malaga},
  pages={9},
  year={2003}
}


@article{paden2016survey,
  title={A survey of motion planning and control techniques for self-driving urban vehicles},
  author={Paden, Brian and {\v{C}}{\'a}p, Michal and Yong, Sze Zheng and Yershov, Dmitry and Frazzoli, Emilio},
  journal={IEEE Transactions on intelligent vehicles},
  volume={1},
  number={1},
  pages={4--6},
  year={2016},
  publisher={IEEE}
}


@misc{AutoModelCar,
  author       = {Dr. Marco Negrete, Dr. José Martínez Carranza, Dr. Enrique Sucar Succar},
  year         = {2022},
  title        = {Categoría AutoModelCar Torneo Mexicano de Robótica, Libro de Reglas, modalidad Virtual},
  howpublished = "\url{https://github.com/mnegretev/TMR-2022-AutoModelCar/blob/main/Reglas_Virtual/ReglasVirtual.pdf}",
  note         = {Consultado en mayo 2022.}
}


@misc{Webots,
  author = {Webots},
  year = {2022},
  title  = {Webots Documentation},
  howpublished = "\url{http://www.cyberbotics.com}",
  note = {Consultado en marzo 2022.}
}

% REFERENCIAS DE IMAGENES
@misc{SoftwareEngineeringDaily,
  author = {SE Daily},
  year = {2018},
  title  = {Self-Driving Deep Learning with Lex Fridman Holiday Repeat},
  howpublished = "\url{https://softwareengineeringdaily.com/2018/12/27/self-driving-deep-learning-with-lex-fridman-holiday-repeat/}",
  note = {Consultado en 2022.}
}

@misc{ComputerVisionGroup,
  author = {Universitat Jaume},
  year = {2010},
  title  = {Fundamentos de Visión por Computador},
  howpublished = "\url{https://www.vision.uji.es/courses/Doctorado/FVC/FVC-T2-FormacionImagen-2p.pdf}",
  note = {Consultado en 2022.}
}

@misc{RGBImageRepresentation,
  author = {GeeksforGeeks},
  year = {2018},
  title  = {MATLAB | RGB image representation},
  howpublished = "\url{https://www.geeksforgeeks.org/matlab-rgb-image-representation/}",
  note = {Consultado en 2022.}
}


@misc{stackoverflow,
  author = {Stackoverflow},
  year = {2014},
  title  = {How to produce RGB cube matrix in python?},
  howpublished = "\url{https://stackoverflow.com/questions/22991809/how-to-produce-rgb-cube-matrix-in-python}",
  note = {Consultado en 2022.}
}


@misc{waymo,
  author = {Waymo},
  year = {2022},
  title  = {FAQ-WAYMO},
  howpublished = "\url{https://waymo.com/intl/es/faq/}",
  note = {Consultado en 2022.}
}

@misc{autopilot,
  author = {Tesla},
  year = {2022},
  title  = {Tesla-Autopilot},
  howpublished = "\url{https://www.tesla.com/es_MX/autopilot}",
  note = {Consultado en 2022.}
}


@misc{tmr,
  author = {Federación Mexicana de Robótica},
  year = {2022},
  title  = {AutoModelCar},
  howpublished = "\url{https://www.femexrobotica.org/tmr2022/automodelcar/}",
  note = {Consultado en 2022.}
}


@misc{cv_bridge,
  author = {John Stechschulte},
  year = {2020},
  title  = {Converting between ROS images and OpenCV images (Python)},
  howpublished = "\url{http://wiki.ros.org/cv_bridge/Tutorials/ConvertingBetweenROSImagesAndOpenCVImagesPython}",
  note = {Consultado en 2022.}
}


% REFERENCIAS DE PÁGINAS WEB

@misc{inegi,
  author = {INEGI},
  year = {2021},
  title  = {La Georreferenciación De Accidentes De Tránsito En Zonas Urbanas},
  howpublished = "\url{https://www.inegi.org.mx/contenidos/saladeprensa/boletines/2021/accidentes/ACCIDENTES_2021.pdf}",
  note = {Consultado en 2022.}
}


@misc{cameraRGBD,
  author = {INTEL},
  year = {2019},
  title  = {Beginner’s guide to depth},
  howpublished = "\url{https://www.intelrealsense.com/beginners-guide-to-depth/}",
  note = {Consultado en 2022.}
}


@misc{gps,
  author = {Geotab},
  year = {2020},
  title  = {What is GPS?},
  howpublished = "\url{https://www.geotab.com/blog/what-is-gps/}",
  note = {Consultado en 2022.}
}


@misc{ode,
  author = {Russ Smith},
  year = {2022},
  title  = {Open Dynamics Engine},
  howpublished = "\url{https://www.ode.org/}",
  note = {Consultado en 2022.}
}


@misc{opengl,
  author = {OpenGL},
  year = {2022},
  title  = {OpenGL documentation},
  howpublished = "\url{https://www.khronos.org/opengl/}",
  note = {Consultado en 2022.}
}


@misc{ogre,
  author = {OGRE},
  year = {2022},
  title  = {OGRE documentation},
  howpublished = "\url{https://www.ogre3d.org/about/features}",
  note = {Consultado en 2022.}
}







